[{"tid":739718,"date":1501871382,"type":"sell","price":9723,"amount":0.002},{"tid":739719,"date":1501871387,"type":"buy","price":9735,"amount":0.0177606},{"tid":739720,"date":1501871387,"type":"buy","price":9738,"amount":0.06385831},{"tid":739721,"date":1501871387,"type":"buy","price":9738,"amount":0.03298915},{"tid":739722,"date":1501871388,"type":"sell","price":9723,"amount":0.00441},{"tid":739723,"date":1501871401,"type":"buy","price":9738,"amount":0.09427603},{"tid":739724,"date":1501871402,"type":"sell","price":9723,"amount":0.00919},{"tid":739725,"date":1501871402,"type":"sell","price":9711,"amount":0.0151344},{"tid":739726,"date":1501871402,"type":"sell","price":9710,"amount":0.1049356},{"tid":739727,"date":1501871406,"type":"sell","price":9710,"amount":0.2107},{"tid":739728,"date":1501871407,"type":"buy","price":9738,"amount":0.01986137},{"tid":739729,"date":1501871435,"type":"sell","price":9710,"amount":0.003},{"tid":739730,"date":1501871438,"type":"sell","price":9710,"amount":0.001},{"tid":739731,"date":1501871459,"type":"sell","price":9710,"amount":0.24818},{"tid":739732,"date":1501871481,"type":"buy","price":9730,"amount":0.0107},{"tid":739733,"date":1501871517,"type":"sell","price":9710,"amount":0.13109621},{"tid":739734,"date":1501871517,"type":"sell","price":9710,"amount":0.00513455},{"tid":739735,"date":1501871517,"type":"sell","price":9701.25,"amount":0.0020901},{"tid":739736,"date":1501871518,"type":"sell","price":9700,"amount":0.0258052},{"tid":739737,"date":1501871518,"type":"sell","price":9700,"amount":0.077},{"tid":739738,"date":1501871518,"type":"sell","price":9700,"amount":0.05},{"tid":739739,"date":1501871518,"type":"sell","price":9700,"amount":0.08487394},{"tid":739740,"date":1501871544,"type":"sell","price":9700,"amount":0.01512606},{"tid":739741,"date":1501871544,"type":"sell","price":9700,"amount":0.03487394},{"tid":739742,"date":1501871552,"type":"sell","price":9700,"amount":0.35493},{"tid":739743,"date":1501871579,"type":"sell","price":9700.9999,"amount":0.0604587},{"tid":739744,"date":1501871579,"type":"sell","price":9700,"amount":0.11019606},{"tid":739745,"date":1501871581,"type":"buy","price":9700,"amount":0.02934524},{"tid":739746,"date":1501871581,"type":"buy","price":9710,"amount":0.03986},{"tid":739747,"date":1501871581,"type":"buy","price":9720.38993,"amount":0.02107865},{"tid":739748,"date":1501871581,"type":"buy","price":9720.39,"amount":0.01016},{"tid":739749,"date":1501871581,"type":"buy","price":9729,"amount":0.00160949},{"tid":739750,"date":1501871634,"type":"sell","price":9699.43,"amount":0.00238},{"tid":739751,"date":1501871657,"type":"buy","price":9727.99994,"amount":0.01496585},{"tid":739752,"date":1501871657,"type":"buy","price":9728,"amount":0.00589455},{"tid":739753,"date":1501871663,"type":"buy","price":9725.5,"amount":0.00472983},{"tid":739754,"date":1501871672,"type":"buy","price":9725.5,"amount":0.02514017},{"tid":739755,"date":1501871672,"type":"buy","price":9728,"amount":0.01141545},{"tid":739756,"date":1501871672,"type":"buy","price":9729,"amount":0.17895294},{"tid":739757,"date":1501871673,"type":"sell","price":9699.43,"amount":0.07700614},{"tid":739758,"date":1501871673,"type":"sell","price":9691.11,"amount":0.17236911},{"tid":739759,"date":1501871698,"type":"buy","price":9729,"amount":0.04381},{"tid":739760,"date":1501871719,"type":"sell","price":9691.11,"amount":0.0340056},{"tid":739761,"date":1501871719,"type":"sell","price":9651,"amount":0.01},{"tid":739762,"date":1501871719,"type":"sell","price":9650,"amount":0.05},{"tid":739763,"date":1501871720,"type":"sell","price":9620.00001,"amount":0.0072044},{"tid":739764,"date":1501871722,"type":"buy","price":9725.89994,"amount":0.00976773},{"tid":739765,"date":1501871745,"type":"sell","price":9620.01201,"amount":0.01555},{"tid":739766,"date":1501871752,"type":"sell","price":9620.02201,"amount":0.00921},{"tid":739767,"date":1501871792,"type":"buy","price":9725,"amount":0.0818509},{"tid":739768,"date":1501871806,"type":"sell","price":9620.02302,"amount":0.01622},{"tid":739769,"date":1501871814,"type":"sell","price":9620.02302,"amount":0.02},{"tid":739770,"date":1501871932,"type":"buy","price":9699.98899,"amount":0.01065},{"tid":739771,"date":1501871945,"type":"sell","price":9630.00001,"amount":0.03135},{"tid":739772,"date":1501871945,"type":"sell","price":9630,"amount":0.01865},{"tid":739773,"date":1501871997,"type":"buy","price":9689,"amount":0.0037073},{"tid":739774,"date":1501872041,"type":"buy","price":9688.99999,"amount":0.00269},{"tid":739775,"date":1501872044,"type":"sell","price":9630,"amount":0.00646},{"tid":739776,"date":1501872064,"type":"sell","price":9630.00001,"amount":0.00249},{"tid":739777,"date":1501872096,"type":"sell","price":9630.00001,"amount":0.00021},{"tid":739778,"date":1501872096,"type":"sell","price":9630,"amount":0.00651},{"tid":739779,"date":1501872119,"type":"sell","price":9630,"amount":0.10232},{"tid":739780,"date":1501872122,"type":"sell","price":9630,"amount":0.00126},{"tid":739781,"date":1501872128,"type":"buy","price":9680,"amount":0.00503525},{"tid":739782,"date":1501872138,"type":"sell","price":9630,"amount":0.02131},{"tid":739783,"date":1501872152,"type":"buy","price":9680,"amount":0.01818182},{"tid":739784,"date":1501872156,"type":"buy","price":9680,"amount":0.0072314},{"tid":739785,"date":1501872217,"type":"buy","price":9679,"amount":0.10332059},{"tid":739786,"date":1501872361,"type":"buy","price":9669,"amount":0.01034233},{"tid":739787,"date":1501872404,"type":"sell","price":9650,"amount":0.05},{"tid":739788,"date":1501872404,"type":"sell","price":9630,"amount":0.02545},{"tid":739789,"date":1501872412,"type":"buy","price":9669,"amount":0.01034233},{"tid":739790,"date":1501872419,"type":"buy","price":9669,"amount":0.01034233},{"tid":739791,"date":1501872429,"type":"buy","price":9669,"amount":0.05038267},{"tid":739792,"date":1501872432,"type":"buy","price":9669,"amount":0.00933034},{"tid":739793,"date":1501872432,"type":"buy","price":9669,"amount":0.00101199},{"tid":739794,"date":1501872456,"type":"buy","price":9669,"amount":0.00097801},{"tid":739795,"date":1501872456,"type":"buy","price":9669,"amount":0.00381669},{"tid":739796,"date":1501872486,"type":"buy","price":9669,"amount":0.0044472},{"tid":739797,"date":1501872491,"type":"buy","price":9669,"amount":0.00101},{"tid":739798,"date":1501872502,"type":"sell","price":9630,"amount":0.00554},{"tid":739799,"date":1501872512,"type":"sell","price":9630,"amount":0.00482},{"tid":739800,"date":1501872514,"type":"sell","price":9630,"amount":0.01771},{"tid":739801,"date":1501872558,"type":"buy","price":9665,"amount":0.03101712},{"tid":739802,"date":1501872592,"type":"sell","price":9630,"amount":0.11036},{"tid":739803,"date":1501872592,"type":"sell","price":9630,"amount":0.98964},{"tid":739804,"date":1501872595,"type":"sell","price":9630,"amount":0.1869},{"tid":739805,"date":1501872615,"type":"buy","price":9655,"amount":0.01709},{"tid":739806,"date":1501872615,"type":"buy","price":9665,"amount":0.00228723},{"tid":739807,"date":1501872627,"type":"sell","price":9630,"amount":0.01182},{"tid":739808,"date":1501872638,"type":"sell","price":9630,"amount":0.00846},{"tid":739809,"date":1501872670,"type":"buy","price":9665,"amount":0.06639565},{"tid":739810,"date":1501872670,"type":"buy","price":9668.9,"amount":0.29943},{"tid":739811,"date":1501872670,"type":"buy","price":9669,"amount":0.07072611},{"tid":739812,"date":1501872670,"type":"buy","price":9669,"amount":0.07000482},{"tid":739813,"date":1501872673,"type":"buy","price":9669,"amount":0.06077},{"tid":739814,"date":1501872677,"type":"sell","price":9630,"amount":0.02125},{"tid":739815,"date":1501872687,"type":"sell","price":9630,"amount":0.045},{"tid":739816,"date":1501872703,"type":"sell","price":9631,"amount":0.011},{"tid":739817,"date":1501872703,"type":"sell","price":9630,"amount":0.39333},{"tid":739818,"date":1501872716,"type":"buy","price":9669,"amount":0.01601518},{"tid":739819,"date":1501872716,"type":"buy","price":9670.02,"amount":0.01501023},{"tid":739820,"date":1501872728,"type":"sell","price":9630,"amount":0.1},{"tid":739821,"date":1501872811,"type":"sell","price":9630,"amount":0.00267},{"tid":739822,"date":1501872811,"type":"buy","price":9670.02,"amount":0.04679977},{"tid":739823,"date":1501872812,"type":"buy","price":9675,"amount":0.27222},{"tid":739824,"date":1501872813,"type":"buy","price":9679,"amount":0.15497469},{"tid":739825,"date":1501872813,"type":"buy","price":9699.999,"amount":0.44236},{"tid":739826,"date":1501872813,"type":"buy","price":9700,"amount":0.1571},{"tid":739827,"date":1501872813,"type":"buy","price":9700,"amount":0.02226},{"tid":739828,"date":1501872813,"type":"buy","price":9700,"amount":0.0073},{"tid":739829,"date":1501872813,"type":"buy","price":9700,"amount":0.00792},{"tid":739830,"date":1501872813,"type":"buy","price":9700,"amount":0.45602054},{"tid":739831,"date":1501872813,"type":"buy","price":9700,"amount":0.0370866},{"tid":739832,"date":1501872814,"type":"buy","price":9700,"amount":0.02094845},{"tid":739833,"date":1501872860,"type":"buy","price":9660,"amount":0.11335},{"tid":739834,"date":1501872917,"type":"buy","price":9660,"amount":0.01035197},{"tid":739835,"date":1501872926,"type":"buy","price":9660,"amount":0.57629803},{"tid":739836,"date":1501872927,"type":"buy","price":9699,"amount":0.00526},{"tid":739837,"date":1501872927,"type":"buy","price":9700,"amount":0.12369441},{"tid":739838,"date":1501872927,"type":"buy","price":9700,"amount":1},{"tid":739839,"date":1501872927,"type":"buy","price":9700,"amount":0.0097},{"tid":739840,"date":1501872927,"type":"buy","price":9714.99,"amount":0.15410455},{"tid":739841,"date":1501872927,"type":"buy","price":9719.99,"amount":0.25482478},{"tid":739842,"date":1501873022,"type":"buy","price":9719.97999,"amount":0.00823047},{"tid":739843,"date":1501873028,"type":"buy","price":9719.97999,"amount":0.00979632},{"tid":739844,"date":1501873042,"type":"buy","price":9719.97999,"amount":0.009785},{"tid":739845,"date":1501873066,"type":"buy","price":9719.98899,"amount":0.00957},{"tid":739846,"date":1501873130,"type":"buy","price":9709.99899,"amount":0.13985998},{"tid":739847,"date":1501873130,"type":"buy","price":9709.999,"amount":0.02648032},{"tid":739848,"date":1501873130,"type":"buy","price":9710,"amount":0.0369714},{"tid":739849,"date":1501873146,"type":"buy","price":9723,"amount":0.29},{"tid":739850,"date":1501873146,"type":"buy","price":9724.99,"amount":0.21366911},{"tid":739851,"date":1501873146,"type":"buy","price":9724.99,"amount":0.10776361},{"tid":739852,"date":1501873148,"type":"buy","price":9724.99,"amount":0.20123414},{"tid":739853,"date":1501873152,"type":"buy","price":9724.99,"amount":0.12940065},{"tid":739854,"date":1501873191,"type":"sell","price":9720,"amount":0.1016883},{"tid":739855,"date":1501873191,"type":"sell","price":9709.999,"amount":0.0764017},{"tid":739856,"date":1501873199,"type":"buy","price":9725,"amount":0.09427763},{"tid":739857,"date":1501873213,"type":"sell","price":9709.999,"amount":0.01},{"tid":739858,"date":1501873213,"type":"sell","price":9709.999,"amount":0.07},{"tid":739859,"date":1501873222,"type":"buy","price":9725,"amount":0.01028278},{"tid":739860,"date":1501873226,"type":"sell","price":9709.999,"amount":0.00469},{"tid":739861,"date":1501873245,"type":"sell","price":9709.999,"amount":0.0026483},{"tid":739862,"date":1501873248,"type":"buy","price":9709.999,"amount":0.0767417},{"tid":739863,"date":1501873248,"type":"buy","price":9724.12345,"amount":0.05500117},{"tid":739864,"date":1501873266,"type":"buy","price":9724.12345,"amount":0.00954},{"tid":739865,"date":1501873273,"type":"buy","price":9724.12345,"amount":0.11533173},{"tid":739866,"date":1501873283,"type":"buy","price":9720,"amount":0.00473251},{"tid":739867,"date":1501873300,"type":"buy","price":9720,"amount":0.35639476},{"tid":739868,"date":1501873360,"type":"sell","price":9705,"amount":0.001},{"tid":739869,"date":1501873449,"type":"buy","price":9715,"amount":0.00514977},{"tid":739870,"date":1501873469,"type":"sell","price":9705,"amount":0.00153},{"tid":739871,"date":1501873483,"type":"buy","price":9714.93,"amount":0.31749277},{"tid":739872,"date":1501873503,"type":"sell","price":9705,"amount":0.02369},{"tid":739873,"date":1501873503,"type":"sell","price":9660,"amount":0.0346},{"tid":739874,"date":1501873523,"type":"sell","price":9660,"amount":0.53397},{"tid":739875,"date":1501873523,"type":"sell","price":9640,"amount":0.03},{"tid":739876,"date":1501873523,"type":"sell","price":9630,"amount":0.24093},{"tid":739877,"date":1501873523,"type":"sell","price":9630,"amount":0.1951},{"tid":739878,"date":1501873548,"type":"buy","price":9714.93,"amount":0.12393296},{"tid":739879,"date":1501873563,"type":"sell","price":9630.00101,"amount":0.1511},{"tid":739880,"date":1501873574,"type":"buy","price":9714.93,"amount":0.00199487},{"tid":739881,"date":1501873605,"type":"sell","price":9630.00102,"amount":0.49112496},{"tid":739882,"date":1501873605,"type":"sell","price":9630.00101,"amount":0.17822},{"tid":739883,"date":1501873605,"type":"sell","price":9630.001,"amount":0.10903},{"tid":739884,"date":1501873605,"type":"sell","price":9630,"amount":0.18883},{"tid":739885,"date":1501873605,"type":"sell","price":9630,"amount":0.0048},{"tid":739886,"date":1501873605,"type":"sell","price":9630,"amount":0.00965},{"tid":739887,"date":1501873605,"type":"sell","price":9630,"amount":0.01238504},{"tid":739888,"date":1501873610,"type":"sell","price":9630,"amount":0.02367},{"tid":739889,"date":1501873632,"type":"buy","price":9714.91899,"amount":0.0097901},{"tid":739890,"date":1501873635,"type":"buy","price":9714.91899,"amount":0.01338148},{"tid":739891,"date":1501873669,"type":"sell","price":9630.00101,"amount":0.00366},{"tid":739892,"date":1501873686,"type":"buy","price":9714.90999,"amount":0.00980143},{"tid":739893,"date":1501873700,"type":"buy","price":9710,"amount":0.13394851},{"tid":739894,"date":1501873715,"type":"buy","price":9709.99999,"amount":0.17768534},{"tid":739895,"date":1501873715,"type":"buy","price":9709.99999,"amount":0.46648001},{"tid":739896,"date":1501873715,"type":"buy","price":9709.99999,"amount":0.14084527},{"tid":739897,"date":1501873747,"type":"buy","price":9710,"amount":0.00587642},{"tid":739898,"date":1501873750,"type":"buy","price":9710,"amount":0.10607621},{"tid":739899,"date":1501873752,"type":"sell","price":9709.99999,"amount":1.5},{"tid":739900,"date":1501873801,"type":"sell","price":9709.99999,"amount":0.01078},{"tid":739901,"date":1501873803,"type":"buy","price":9710,"amount":0.00409},{"tid":739902,"date":1501873803,"type":"sell","price":9709.99999,"amount":7.09311},{"tid":739903,"date":1501873849,"type":"sell","price":9709.99999,"amount":0.02761},{"tid":739904,"date":1501873868,"type":"buy","price":9710,"amount":0.00298661},{"tid":739905,"date":1501873881,"type":"sell","price":9709.99999,"amount":0.0042},{"tid":739906,"date":1501873883,"type":"sell","price":9709.99999,"amount":0.57928938},{"tid":739907,"date":1501873883,"type":"sell","price":9650,"amount":0.10269},{"tid":739908,"date":1501873883,"type":"sell","price":9630.00001,"amount":0.31212062},{"tid":739909,"date":1501873892,"type":"sell","price":9630.01001,"amount":0.00309},{"tid":739910,"date":1501873896,"type":"buy","price":9709.999,"amount":0.10870291},{"tid":739911,"date":1501873896,"type":"buy","price":9709.99999,"amount":0.0928728},{"tid":739912,"date":1501873962,"type":"buy","price":9709.98999,"amount":0.01038518},{"tid":739913,"date":1501874013,"type":"buy","price":9707.99999,"amount":0.01181706},{"tid":739914,"date":1501874025,"type":"buy","price":9707.99999,"amount":0.19610922},{"tid":739915,"date":1501874025,"type":"buy","price":9708,"amount":0.58410351},{"tid":739916,"date":1501874025,"type":"buy","price":9709,"amount":0.3322376},{"tid":739917,"date":1501874034,"type":"sell","price":9699,"amount":0.00911},{"tid":739918,"date":1501874034,"type":"sell","price":9630.00004,"amount":0.04089},{"tid":739919,"date":1501874043,"type":"buy","price":9709,"amount":0.05047},{"tid":739920,"date":1501874050,"type":"buy","price":9709,"amount":0.1768924},{"tid":739921,"date":1501874050,"type":"sell","price":9709,"amount":0.0410276},{"tid":739922,"date":1501874103,"type":"buy","price":9699,"amount":0.05982},{"tid":739923,"date":1501874122,"type":"buy","price":9699,"amount":0.01991133},{"tid":739924,"date":1501874126,"type":"sell","price":9630.00001,"amount":0.16665},{"tid":739925,"date":1501874188,"type":"sell","price":9630.00007,"amount":0.0606},{"tid":739926,"date":1501874188,"type":"buy","price":9698.99999,"amount":0.06804825},{"tid":739927,"date":1501874209,"type":"buy","price":9698.99998,"amount":0.01581067},{"tid":739928,"date":1501874236,"type":"buy","price":9698.99995,"amount":0.06033199},{"tid":739929,"date":1501874238,"type":"buy","price":9698.99995,"amount":0.01997},{"tid":739930,"date":1501874265,"type":"buy","price":9680,"amount":0.02614},{"tid":739931,"date":1501874265,"type":"buy","price":9698.49999,"amount":0.02118856},{"tid":739932,"date":1501874265,"type":"buy","price":9698.5,"amount":0.09585},{"tid":739933,"date":1501874265,"type":"buy","price":9699,"amount":0.05882144},{"tid":739934,"date":1501874309,"type":"buy","price":9690,"amount":0.00191331},{"tid":739935,"date":1501874391,"type":"buy","price":9690,"amount":0.00844669},{"tid":739936,"date":1501874391,"type":"buy","price":9698.99999,"amount":0.00212733},{"tid":739937,"date":1501874397,"type":"buy","price":9690,"amount":0.2525645},{"tid":739938,"date":1501874433,"type":"buy","price":9689.99999,"amount":0.0424802},{"tid":739939,"date":1501874433,"type":"buy","price":9690,"amount":0.0110198},{"tid":739940,"date":1501874437,"type":"sell","price":9630.00001,"amount":0.1339},{"tid":739941,"date":1501874437,"type":"sell","price":9630.00001,"amount":0.00214},{"tid":739942,"date":1501874437,"type":"sell","price":9630.00001,"amount":0.04261},{"tid":739943,"date":1501874437,"type":"sell","price":9630,"amount":0.01394496},{"tid":739944,"date":1501874437,"type":"sell","price":9630,"amount":0.00907},{"tid":739945,"date":1501874437,"type":"sell","price":9625.1,"amount":0.053179},{"tid":739946,"date":1501874437,"type":"sell","price":9625,"amount":0.02379},{"tid":739947,"date":1501874437,"type":"sell","price":9621.00001,"amount":0.43136604},{"tid":739948,"date":1501874453,"type":"sell","price":9621.00001,"amount":0.0572},{"tid":739949,"date":1501874471,"type":"buy","price":9689.99999,"amount":0.0570284},{"tid":739950,"date":1501874471,"type":"buy","price":9689.99999,"amount":0.15981783},{"tid":739951,"date":1501874484,"type":"buy","price":9689.99,"amount":0.00526316},{"tid":739952,"date":1501874498,"type":"buy","price":9689.98999,"amount":0.00515996},{"tid":739953,"date":1501874504,"type":"buy","price":9689.98998,"amount":0.26426756},{"tid":739954,"date":1501874506,"type":"sell","price":9621.00001,"amount":0.01561},{"tid":739955,"date":1501874585,"type":"buy","price":9679.99999,"amount":0.01638976},{"tid":739956,"date":1501874585,"type":"buy","price":9680,"amount":0.08967429},{"tid":739957,"date":1501874616,"type":"buy","price":9679.99999,"amount":0.10330579},{"tid":739958,"date":1501874628,"type":"buy","price":9679.99999,"amount":0.00155},{"tid":739959,"date":1501874678,"type":"sell","price":9625,"amount":0.00497},{"tid":739960,"date":1501874686,"type":"buy","price":9670,"amount":1},{"tid":739961,"date":1501874686,"type":"buy","price":9680,"amount":0.02386364},{"tid":739962,"date":1501874694,"type":"buy","price":9680,"amount":0.00464876},{"tid":739963,"date":1501874702,"type":"sell","price":9625,"amount":0.003387},{"tid":739964,"date":1501874702,"type":"sell","price":9621.00001,"amount":0.010343},{"tid":739965,"date":1501874729,"type":"buy","price":9625,"amount":0.00467532},{"tid":739966,"date":1501874788,"type":"sell","price":9621.00001,"amount":0.04254577},{"tid":739967,"date":1501874868,"type":"buy","price":9679.99999,"amount":0.01104132},{"tid":739968,"date":1501874893,"type":"sell","price":9622.00001,"amount":0.05094},{"tid":739969,"date":1501874893,"type":"buy","price":9675,"amount":0.10408269},{"tid":739970,"date":1501874919,"type":"sell","price":9622.00001,"amount":0.00135},{"tid":739971,"date":1501874919,"type":"sell","price":9622.00001,"amount":0.01107},{"tid":739972,"date":1501874920,"type":"sell","price":9622,"amount":0.0126},{"tid":739973,"date":1501874978,"type":"buy","price":9675,"amount":0.02273902},{"tid":739974,"date":1501875037,"type":"sell","price":9622,"amount":0.01242},{"tid":739975,"date":1501875065,"type":"sell","price":9622,"amount":0.00624},{"tid":739976,"date":1501875087,"type":"buy","price":9675,"amount":0.01963824},{"tid":739977,"date":1501875132,"type":"buy","price":9674,"amount":0.0043},{"tid":739978,"date":1501875159,"type":"buy","price":9673,"amount":0.01439264},{"tid":739979,"date":1501875221,"type":"buy","price":9669,"amount":0.01034233},{"tid":739980,"date":1501875231,"type":"buy","price":9669,"amount":0.03517841},{"tid":739981,"date":1501875267,"type":"buy","price":9625,"amount":0.00986},{"tid":739982,"date":1501875276,"type":"buy","price":9625,"amount":0.00877714},{"tid":739983,"date":1501875312,"type":"buy","price":9624.9,"amount":0.00643},{"tid":739984,"date":1501875330,"type":"buy","price":9624.9,"amount":0.0072728},{"tid":739985,"date":1501875332,"type":"sell","price":9622.00001,"amount":0.01791},{"tid":739986,"date":1501875337,"type":"buy","price":9624.9,"amount":0.01350663},{"tid":739987,"date":1501875357,"type":"buy","price":9624.9,"amount":0.00943488},{"tid":739988,"date":1501875357,"type":"buy","price":9625,"amount":0.00147743},{"tid":739989,"date":1501875358,"type":"buy","price":9625,"amount":0.01090909},{"tid":739990,"date":1501875366,"type":"buy","price":9625,"amount":0.04531722},{"tid":739991,"date":1501875376,"type":"buy","price":9625,"amount":0.00530286},{"tid":739992,"date":1501875381,"type":"buy","price":9625,"amount":0.00519481},{"tid":739993,"date":1501875382,"type":"sell","price":9622.00001,"amount":0.22625},{"tid":739994,"date":1501875382,"type":"sell","price":9622,"amount":0.06518},{"tid":739995,"date":1501875382,"type":"sell","price":9621,"amount":0.27657},{"tid":739996,"date":1501875430,"type":"buy","price":9622,"amount":0.04856059},{"tid":739997,"date":1501875436,"type":"buy","price":9622,"amount":0.01321193},{"tid":739998,"date":1501875436,"type":"buy","price":9624,"amount":0.00274364},{"tid":739999,"date":1501875452,"type":"sell","price":9621,"amount":0.34},{"tid":740000,"date":1501875507,"type":"buy","price":9624,"amount":0.01039069},{"tid":740001,"date":1501875536,"type":"sell","price":9621,"amount":0.0119},{"tid":740002,"date":1501875561,"type":"buy","price":9623,"amount":0.00778},{"tid":740003,"date":1501875568,"type":"sell","price":9621,"amount":0.0027},{"tid":740004,"date":1501875569,"type":"sell","price":9620.73667,"amount":0.00838},{"tid":740005,"date":1501875583,"type":"sell","price":9620.73667,"amount":0.02162},{"tid":740006,"date":1501875583,"type":"sell","price":9620,"amount":0.09139},{"tid":740007,"date":1501875645,"type":"sell","price":9620,"amount":0.01261},{"tid":740008,"date":1501875645,"type":"sell","price":9610.9,"amount":0.00879},{"tid":740009,"date":1501875645,"type":"sell","price":9602,"amount":0.06563},{"tid":740010,"date":1501875662,"type":"sell","price":9602,"amount":0.03050714},{"tid":740011,"date":1501875662,"type":"sell","price":9602,"amount":0.14058286},{"tid":740012,"date":1501875669,"type":"sell","price":9602,"amount":0.00405},{"tid":740013,"date":1501875690,"type":"buy","price":9623,"amount":0.02108802},{"tid":740014,"date":1501875692,"type":"sell","price":9602,"amount":0.02536714},{"tid":740015,"date":1501875692,"type":"sell","price":9601.12,"amount":0.00552009},{"tid":740016,"date":1501875692,"type":"sell","price":9601,"amount":0.01},{"tid":740017,"date":1501875692,"type":"sell","price":9600.97998,"amount":0.0654},{"tid":740018,"date":1501875692,"type":"sell","price":9600.199,"amount":0.00668},{"tid":740019,"date":1501875692,"type":"sell","price":9600.12345,"amount":0.03884},{"tid":740020,"date":1501875692,"type":"sell","price":9600,"amount":0.08954},{"tid":740021,"date":1501875692,"type":"sell","price":9600,"amount":0.05214},{"tid":740022,"date":1501875692,"type":"sell","price":9600,"amount":0.05},{"tid":740023,"date":1501875692,"type":"sell","price":9600,"amount":0.05894277},{"tid":740024,"date":1501875694,"type":"buy","price":9623,"amount":0.00988361},{"tid":740025,"date":1501875726,"type":"buy","price":9623,"amount":0.01232269},{"tid":740026,"date":1501875726,"type":"buy","price":9623,"amount":0.01635879},{"tid":740027,"date":1501875726,"type":"buy","price":9625,"amount":0.02347353},{"tid":740028,"date":1501875726,"type":"buy","price":9630,"amount":0.01},{"tid":740029,"date":1501875726,"type":"buy","price":9668,"amount":0.19126142},{"tid":740030,"date":1501876037,"type":"buy","price":9600.00001,"amount":0.01705417},{"tid":740031,"date":1501876072,"type":"buy","price":9600.00001,"amount":0.00489896},{"tid":740032,"date":1501876082,"type":"buy","price":9600.00001,"amount":0.02083333},{"tid":740033,"date":1501876139,"type":"buy","price":9600.00001,"amount":0.131875},{"tid":740034,"date":1501876161,"type":"sell","price":9600,"amount":0.11105723},{"tid":740035,"date":1501876161,"type":"sell","price":9600,"amount":1.51238},{"tid":740036,"date":1501876161,"type":"sell","price":9600,"amount":0.22937},{"tid":740037,"date":1501876161,"type":"sell","price":9600,"amount":0.09717},{"tid":740038,"date":1501876161,"type":"sell","price":9600,"amount":0.05002277},{"tid":740039,"date":1501876192,"type":"sell","price":9600,"amount":0.00775},{"tid":740040,"date":1501876214,"type":"buy","price":9600.00001,"amount":0.20388542},{"tid":740041,"date":1501876226,"type":"buy","price":9600.00001,"amount":0.19776},{"tid":740042,"date":1501876235,"type":"buy","price":9600.00001,"amount":0.01604167},{"tid":740043,"date":1501876262,"type":"sell","price":9600,"amount":0.09406},{"tid":740044,"date":1501876311,"type":"buy","price":9600.00001,"amount":0.01041667},{"tid":740045,"date":1501876313,"type":"sell","price":9600,"amount":0.00288},{"tid":740046,"date":1501876319,"type":"sell","price":9600,"amount":0.03096723},{"tid":740047,"date":1501876319,"type":"sell","price":9600,"amount":0.0222},{"tid":740048,"date":1501876319,"type":"sell","price":9600,"amount":0.18683277},{"tid":740049,"date":1501876332,"type":"buy","price":9600.00001,"amount":0.00953646},{"tid":740050,"date":1501876383,"type":"buy","price":9600.00001,"amount":0.02625},{"tid":740051,"date":1501876384,"type":"buy","price":9600.00001,"amount":0.06096},{"tid":740052,"date":1501876387,"type":"buy","price":9600.00001,"amount":0.02011667},{"tid":740053,"date":1501876401,"type":"buy","price":9600.00001,"amount":0.01041667},{"tid":740054,"date":1501876408,"type":"buy","price":9600.00001,"amount":0.00119479},{"tid":740055,"date":1501876447,"type":"sell","price":9600,"amount":0.022},{"tid":740056,"date":1501876462,"type":"buy","price":9600.00001,"amount":0.01041667},{"tid":740057,"date":1501876522,"type":"buy","price":9600.00001,"amount":0.05808},{"tid":740058,"date":1501876558,"type":"sell","price":9600,"amount":0.04116723},{"tid":740059,"date":1501876558,"type":"sell","price":9590,"amount":0.0053},{"tid":740060,"date":1501876558,"type":"sell","price":9590,"amount":0.05372},{"tid":740061,"date":1501876558,"type":"sell","price":9587.99989,"amount":0.07901277},{"tid":740062,"date":1501876690,"type":"sell","price":9580,"amount":0.05221},{"tid":740063,"date":1501876709,"type":"sell","price":9580,"amount":0.0169},{"tid":740064,"date":1501876713,"type":"sell","price":9580,"amount":0.00353},{"tid":740065,"date":1501876717,"type":"buy","price":9593,"amount":0.20241692},{"tid":740066,"date":1501876749,"type":"buy","price":9592.99999,"amount":0.00101},{"tid":740067,"date":1501876762,"type":"buy","price":9592.99999,"amount":0.10695299},{"tid":740068,"date":1501876788,"type":"buy","price":9581.99999,"amount":0.09601336},{"tid":740069,"date":1501876792,"type":"buy","price":9581.99999,"amount":0.00417449},{"tid":740070,"date":1501876794,"type":"sell","price":9580,"amount":0.10736},{"tid":740071,"date":1501876794,"type":"sell","price":9580,"amount":0.0544},{"tid":740072,"date":1501876835,"type":"buy","price":9580,"amount":0.00991649},{"tid":740073,"date":1501876898,"type":"buy","price":9575.2999,"amount":0.01001431},{"tid":740074,"date":1501876905,"type":"buy","price":9575.2999,"amount":0.00635071},{"tid":740075,"date":1501876917,"type":"buy","price":9575.2999,"amount":0.05221769},{"tid":740076,"date":1501876925,"type":"buy","price":9575.2999,"amount":0.00993285},{"tid":740077,"date":1501876932,"type":"sell","price":9575.188,"amount":0.0010031},{"tid":740078,"date":1501876932,"type":"sell","price":9572.7084,"amount":0.0010031},{"tid":740079,"date":1501876932,"type":"sell","price":9552,"amount":0.1313},{"tid":740080,"date":1501876932,"type":"sell","price":9551,"amount":0.01},{"tid":740081,"date":1501876932,"type":"sell","price":9550,"amount":0.003},{"tid":740082,"date":1501876932,"type":"sell","price":9550,"amount":0.2693138},{"tid":740083,"date":1501876956,"type":"sell","price":9550,"amount":0.00509},{"tid":740084,"date":1501876970,"type":"buy","price":9572,"amount":0.00176},{"tid":740085,"date":1501876970,"type":"buy","price":9573,"amount":0.00424},{"tid":740086,"date":1501876982,"type":"buy","price":9573,"amount":0.04701913},{"tid":740087,"date":1501877022,"type":"buy","price":9573,"amount":0.17190087},{"tid":740088,"date":1501877022,"type":"buy","price":9575,"amount":0.38165984},{"tid":740089,"date":1501877069,"type":"buy","price":9575,"amount":0.00844909},{"tid":740090,"date":1501877113,"type":"sell","price":9550,"amount":1.8282312},{"tid":740091,"date":1501877113,"type":"sell","price":9550,"amount":0.03062},{"tid":740092,"date":1501877113,"type":"sell","price":9550,"amount":0.00559},{"tid":740093,"date":1501877113,"type":"sell","price":9535.00001,"amount":0.02454116},{"tid":740094,"date":1501877113,"type":"sell","price":9532.00002,"amount":0.09393},{"tid":740095,"date":1501877113,"type":"sell","price":9531,"amount":0.00708764},{"tid":740096,"date":1501877127,"type":"sell","price":9531,"amount":0.01488},{"tid":740097,"date":1501877147,"type":"sell","price":9531,"amount":0.57134},{"tid":740098,"date":1501877165,"type":"sell","price":9531,"amount":0.1332},{"tid":740099,"date":1501877248,"type":"sell","price":9531,"amount":0.00844},{"tid":740100,"date":1501877270,"type":"sell","price":9531,"amount":0.00135},{"tid":740101,"date":1501877281,"type":"buy","price":9559.99999,"amount":0.0509567},{"tid":740102,"date":1501877311,"type":"buy","price":9550,"amount":0.00101},{"tid":740103,"date":1501877358,"type":"buy","price":9550,"amount":0.0094612},{"tid":740104,"date":1501877358,"type":"buy","price":9550,"amount":0.0029788},{"tid":740105,"date":1501877369,"type":"sell","price":9531,"amount":0.099},{"tid":740106,"date":1501877383,"type":"buy","price":9540,"amount":0.00722},{"tid":740107,"date":1501877400,"type":"sell","price":9531,"amount":0.35},{"tid":740108,"date":1501877401,"type":"sell","price":9531,"amount":0.15966},{"tid":740109,"date":1501877411,"type":"buy","price":9540,"amount":0.03639},{"tid":740110,"date":1501877448,"type":"sell","price":9532,"amount":0.01},{"tid":740111,"date":1501877448,"type":"sell","price":9531,"amount":0.03317},{"tid":740112,"date":1501877475,"type":"sell","price":9531,"amount":0.11023},{"tid":740113,"date":1501877520,"type":"sell","price":9531,"amount":0.12412},{"tid":740114,"date":1501877534,"type":"buy","price":9534.99999,"amount":0.07250797},{"tid":740115,"date":1501877534,"type":"buy","price":9535,"amount":0.28407305},{"tid":740116,"date":1501877564,"type":"sell","price":9531,"amount":0.03702},{"tid":740117,"date":1501877592,"type":"sell","price":9531,"amount":0.00947},{"tid":740118,"date":1501877597,"type":"buy","price":9535,"amount":0.05263346},{"tid":740119,"date":1501877632,"type":"buy","price":9531.00001,"amount":0.00977337},{"tid":740120,"date":1501877685,"type":"buy","price":9531.00001,"amount":0.01858006},{"tid":740121,"date":1501877692,"type":"sell","price":9531,"amount":0.00184},{"tid":740122,"date":1501877798,"type":"sell","price":9531,"amount":0.001},{"tid":740123,"date":1501877830,"type":"buy","price":9531.00001,"amount":0.48011307},{"tid":740124,"date":1501877830,"type":"buy","price":9531.00001,"amount":0.21374393},{"tid":740125,"date":1501877834,"type":"sell","price":9531,"amount":0.05312},{"tid":740126,"date":1501877862,"type":"buy","price":9531.00001,"amount":0.12966949},{"tid":740127,"date":1501877863,"type":"buy","price":9531.00001,"amount":0.33282133},{"tid":740128,"date":1501877877,"type":"sell","price":9531,"amount":0.02209},{"tid":740129,"date":1501877896,"type":"buy","price":9531.00001,"amount":0.00419683},{"tid":740130,"date":1501877921,"type":"buy","price":9531.00001,"amount":0.00101},{"tid":740131,"date":1501877935,"type":"sell","price":9531,"amount":0.08481833},{"tid":740132,"date":1501877941,"type":"sell","price":9531,"amount":0.31636441},{"tid":740133,"date":1501877965,"type":"buy","price":9531.00001,"amount":0.00524604},{"tid":740134,"date":1501877969,"type":"sell","price":9531,"amount":0.42223},{"tid":740135,"date":1501877970,"type":"buy","price":9531.00001,"amount":0.7295},{"tid":740136,"date":1501877997,"type":"sell","price":9531,"amount":0.82660962},{"tid":740137,"date":1501877997,"type":"sell","price":9531,"amount":0.1049},{"tid":740138,"date":1501877997,"type":"sell","price":9531,"amount":0.06849038},{"tid":740139,"date":1501878050,"type":"sell","price":9531,"amount":0.01557},{"tid":740140,"date":1501878050,"type":"sell","price":9531,"amount":0.00513},{"tid":740141,"date":1501878112,"type":"sell","price":9531,"amount":0.01231},{"tid":740142,"date":1501878140,"type":"buy","price":9531.00001,"amount":0.00481481},{"tid":740143,"date":1501878148,"type":"buy","price":9531.00001,"amount":0.00663309},{"tid":740144,"date":1501878173,"type":"sell","price":9531,"amount":0.05215},{"tid":740145,"date":1501878245,"type":"buy","price":9531.00001,"amount":0.02077746},{"tid":740146,"date":1501878265,"type":"buy","price":9531.00001,"amount":0.05422411},{"tid":740147,"date":1501878316,"type":"buy","price":9531.00001,"amount":0.1332},{"tid":740148,"date":1501878328,"type":"sell","price":9531,"amount":0.02},{"tid":740149,"date":1501878339,"type":"sell","price":9531,"amount":0.00464},{"tid":740150,"date":1501878376,"type":"sell","price":9531,"amount":0.18170962},{"tid":740151,"date":1501878376,"type":"sell","price":9531,"amount":0.08071038},{"tid":740152,"date":1501878395,"type":"sell","price":9531,"amount":0.03288962},{"tid":740153,"date":1501878395,"type":"sell","price":9516.78,"amount":0.01},{"tid":740154,"date":1501878395,"type":"sell","price":9510,"amount":0.002},{"tid":740155,"date":1501878395,"type":"sell","price":9506,"amount":0.05247038},{"tid":740156,"date":1501878397,"type":"buy","price":9531.00001,"amount":0.17904},{"tid":740157,"date":1501878450,"type":"buy","price":9530,"amount":0.02156},{"tid":740158,"date":1501878450,"type":"buy","price":9531.00001,"amount":0.38411323},{"tid":740159,"date":1501878459,"type":"sell","price":9520,"amount":0.00155},{"tid":740160,"date":1501878468,"type":"sell","price":9520,"amount":0.01049},{"tid":740161,"date":1501878477,"type":"buy","price":9531.00001,"amount":0.01545903},{"tid":740162,"date":1501878504,"type":"sell","price":9520,"amount":0.00121},{"tid":740163,"date":1501878520,"type":"buy","price":9530,"amount":0.00495},{"tid":740164,"date":1501878520,"type":"buy","price":9531.00001,"amount":0.09746692},{"tid":740165,"date":1501878540,"type":"sell","price":9520,"amount":0.00875},{"tid":740166,"date":1501878559,"type":"sell","price":9520,"amount":0.00491},{"tid":740167,"date":1501878797,"type":"buy","price":9540,"amount":0.00979036},{"tid":740168,"date":1501878889,"type":"buy","price":9540,"amount":0.36568},{"tid":740169,"date":1501878917,"type":"buy","price":9540,"amount":0.02},{"tid":740170,"date":1501878976,"type":"buy","price":9540,"amount":0.00597},{"tid":740171,"date":1501878977,"type":"sell","price":9532,"amount":0.0015},{"tid":740172,"date":1501878977,"type":"sell","price":9520,"amount":0.10726537},{"tid":740173,"date":1501879026,"type":"sell","price":9520,"amount":0.00133463},{"tid":740174,"date":1501879090,"type":"sell","price":9516.01,"amount":0.005},{"tid":740175,"date":1501879105,"type":"sell","price":9516.01,"amount":0.00288},{"tid":740176,"date":1501879137,"type":"sell","price":9516.01,"amount":0.02312},{"tid":740177,"date":1501879138,"type":"buy","price":9510,"amount":0.0026},{"tid":740178,"date":1501879173,"type":"sell","price":9506,"amount":0.08157},{"tid":740179,"date":1501879185,"type":"sell","price":9506,"amount":0.01955},{"tid":740180,"date":1501879232,"type":"buy","price":9520,"amount":0.00774537},{"tid":740181,"date":1501879232,"type":"buy","price":9539.999,"amount":0.00143722},{"tid":740182,"date":1501879232,"type":"buy","price":9540,"amount":0.00080325},{"tid":740183,"date":1501879233,"type":"sell","price":9506,"amount":0.09640962},{"tid":740184,"date":1501879233,"type":"sell","price":9506,"amount":0.0010031},{"tid":740185,"date":1501879233,"type":"sell","price":9505.9902,"amount":0.0010031},{"tid":740186,"date":1501879233,"type":"sell","price":9505.9902,"amount":0.0010031},{"tid":740187,"date":1501879233,"type":"sell","price":9505.91859,"amount":0.0010031},{"tid":740188,"date":1501879233,"type":"sell","price":9502,"amount":0.3},{"tid":740189,"date":1501879233,"type":"sell","price":9501,"amount":0.01},{"tid":740190,"date":1501879233,"type":"sell","price":9500.00011,"amount":0.05914798},{"tid":740191,"date":1501879234,"type":"buy","price":9540,"amount":0.0028522},{"tid":740192,"date":1501879235,"type":"sell","price":9500.00011,"amount":0.14145202},{"tid":740193,"date":1501879235,"type":"sell","price":9500,"amount":0.01639},{"tid":740194,"date":1501879235,"type":"sell","price":9500,"amount":0.195},{"tid":740195,"date":1501879235,"type":"sell","price":9500,"amount":0.0126},{"tid":740196,"date":1501879235,"type":"sell","price":9500,"amount":0.05309},{"tid":740197,"date":1501879235,"type":"sell","price":9500,"amount":0.04104},{"tid":740198,"date":1501879235,"type":"sell","price":9500,"amount":0.1},{"tid":740199,"date":1501879235,"type":"sell","price":9500,"amount":0.14396798},{"tid":740200,"date":1501879249,"type":"buy","price":9501.999,"amount":0.00126223},{"tid":740201,"date":1501879298,"type":"buy","price":9501.999,"amount":0.00505157},{"tid":740202,"date":1501879302,"type":"buy","price":9501.999,"amount":0.0436862},{"tid":740203,"date":1501879302,"type":"buy","price":9540,"amount":0.04588419},{"tid":740204,"date":1501879302,"type":"buy","price":9545.99999,"amount":0.03222},{"tid":740205,"date":1501879302,"type":"buy","price":9554.9999,"amount":0.03444},{"tid":740206,"date":1501879302,"type":"buy","price":9565.99999,"amount":0.03334},{"tid":740207,"date":1501879302,"type":"buy","price":9575,"amount":1.34596961},{"tid":740208,"date":1501879310,"type":"sell","price":9501,"amount":0.15},{"tid":740209,"date":1501879316,"type":"sell","price":9501,"amount":0.09018},{"tid":740210,"date":1501879341,"type":"buy","price":9520,"amount":0.10461},{"tid":740211,"date":1501879341,"type":"buy","price":9575,"amount":0.24733146},{"tid":740212,"date":1501879341,"type":"buy","price":9575,"amount":0.0232},{"tid":740213,"date":1501879341,"type":"buy","price":9580,"amount":0.02832351},{"tid":740214,"date":1501879341,"type":"buy","price":9632,"amount":0.00997},{"tid":740215,"date":1501879341,"type":"buy","price":9651,"amount":0.00997},{"tid":740216,"date":1501879341,"type":"buy","price":9660,"amount":0.00310559},{"tid":740217,"date":1501879341,"type":"buy","price":9668.99995,"amount":0.03613},{"tid":740218,"date":1501879341,"type":"buy","price":9669,"amount":0.01447926},{"tid":740219,"date":1501879341,"type":"buy","price":9673,"amount":0.00258451},{"tid":740220,"date":1501879341,"type":"buy","price":9674.98,"amount":0.49774},{"tid":740221,"date":1501879341,"type":"buy","price":9675,"amount":0.04013622},{"tid":740222,"date":1501879362,"type":"sell","price":9501.02201,"amount":0.0106},{"tid":740223,"date":1501879390,"type":"buy","price":9674.99898,"amount":0.03009096},{"tid":740224,"date":1501879393,"type":"buy","price":9674.99898,"amount":0.148026},{"tid":740225,"date":1501879393,"type":"buy","price":9674.99898,"amount":0.0377},{"tid":740226,"date":1501879393,"type":"buy","price":9674.99899,"amount":0.0105682},{"tid":740227,"date":1501879393,"type":"buy","price":9675,"amount":0.33021745},{"tid":740228,"date":1501879394,"type":"buy","price":9675,"amount":0.00475452},{"tid":740229,"date":1501879473,"type":"sell","price":9502.075,"amount":0.10132},{"tid":740230,"date":1501879495,"type":"sell","price":9502.07602,"amount":0.00398},{"tid":740231,"date":1501879507,"type":"sell","price":9502.07603,"amount":0.0041},{"tid":740232,"date":1501879566,"type":"sell","price":9502.0761,"amount":0.00579},{"tid":740233,"date":1501879628,"type":"buy","price":9673.99,"amount":0.01997004},{"tid":740234,"date":1501879684,"type":"sell","price":9502.09105,"amount":0.08175},{"tid":740235,"date":1501879722,"type":"buy","price":9671.97999,"amount":0.06050054},{"tid":740236,"date":1501879733,"type":"buy","price":9671.97999,"amount":0.01075064},{"tid":740237,"date":1501879750,"type":"buy","price":9671.96998,"amount":0.01108},{"tid":740238,"date":1501879843,"type":"sell","price":9520.122,"amount":0.06007},{"tid":740239,"date":1501879880,"type":"sell","price":9520.16601,"amount":0.11029},{"tid":740240,"date":1501879880,"type":"sell","price":9520.16501,"amount":0.00458274},{"tid":740241,"date":1501879891,"type":"sell","price":9520.16602,"amount":0.01},{"tid":740242,"date":1501879901,"type":"sell","price":9520.16602,"amount":0.10029},{"tid":740243,"date":1501879901,"type":"sell","price":9520.11,"amount":0.12413},{"tid":740244,"date":1501879903,"type":"sell","price":9520.16603,"amount":0.02},{"tid":740245,"date":1501879938,"type":"buy","price":9669.8889,"amount":0.0220154},{"tid":740246,"date":1501879939,"type":"buy","price":9669.89899,"amount":0.00307899},{"tid":740247,"date":1501879954,"type":"buy","price":9667.878,"amount":0.01997543},{"tid":740248,"date":1501880001,"type":"sell","price":9520.23306,"amount":0.01919},{"tid":740249,"date":1501880016,"type":"buy","price":9663.867,"amount":0.00984182},{"tid":740250,"date":1501880099,"type":"sell","price":9520.31006,"amount":0.00543},{"tid":740251,"date":1501880123,"type":"buy","price":9658.97799,"amount":0.01998},{"tid":740252,"date":1501880124,"type":"buy","price":9658.97798,"amount":0.00630294},{"tid":740253,"date":1501880171,"type":"sell","price":9523.02001,"amount":0.0152},{"tid":740254,"date":1501880198,"type":"buy","price":9599.99898,"amount":0.00123125},{"tid":740255,"date":1501880231,"type":"buy","price":9599.99896,"amount":0.00286667},{"tid":740256,"date":1501880266,"type":"buy","price":9599.99894,"amount":0.00583542},{"tid":740257,"date":1501880289,"type":"buy","price":9599.99893,"amount":0.03125},{"tid":740258,"date":1501880302,"type":"sell","price":9527.80973,"amount":0.00139},{"tid":740259,"date":1501880307,"type":"buy","price":9599.99892,"amount":0.02146875},{"tid":740260,"date":1501880310,"type":"sell","price":9527.80974,"amount":0.11699},{"tid":740261,"date":1501880327,"type":"buy","price":9599.9989,"amount":0.00469896},{"tid":740262,"date":1501880357,"type":"sell","price":9527.80972,"amount":0.00984},{"tid":740263,"date":1501880363,"type":"buy","price":9598.99998,"amount":0.11663903},{"tid":740264,"date":1501880363,"type":"buy","price":9598.99999,"amount":0.18937201},{"tid":740265,"date":1501880422,"type":"sell","price":9527.80975,"amount":0.00609},{"tid":740266,"date":1501880432,"type":"sell","price":9527.80975,"amount":0.6362852},{"tid":740267,"date":1501880432,"type":"sell","price":9527.80974,"amount":0.0884048},{"tid":740268,"date":1501880450,"type":"buy","price":9598.99999,"amount":0.00989686},{"tid":740269,"date":1501880478,"type":"buy","price":9598.99988,"amount":0.11077543},{"tid":740270,"date":1501880478,"type":"buy","price":9598.99988,"amount":0.05444498},{"tid":740271,"date":1501880478,"type":"buy","price":9598.99988,"amount":0.09339492},{"tid":740272,"date":1501880478,"type":"sell","price":9598.99989,"amount":0.4044301},{"tid":740273,"date":1501880500,"type":"buy","price":9599,"amount":0.01041775},{"tid":740274,"date":1501880621,"type":"sell","price":9527.9999,"amount":0.00137},{"tid":740275,"date":1501880621,"type":"sell","price":9527.80972,"amount":0.05863},{"tid":740276,"date":1501880749,"type":"sell","price":9527.80972,"amount":0.04137},{"tid":740277,"date":1501880749,"type":"sell","price":9527,"amount":0.02},{"tid":740278,"date":1501880749,"type":"sell","price":9523,"amount":0.06863},{"tid":740279,"date":1501880756,"type":"buy","price":9598.999,"amount":0.1627628},{"tid":740280,"date":1501880789,"type":"sell","price":9523.00001,"amount":0.00552},{"tid":740281,"date":1501880795,"type":"buy","price":9589.09999,"amount":0.00563},{"tid":740282,"date":1501880821,"type":"buy","price":9589.09897,"amount":0.08508724},{"tid":740283,"date":1501880846,"type":"sell","price":9523.00001,"amount":0.00698},{"tid":740284,"date":1501880880,"type":"buy","price":9587.99999,"amount":0.0406},{"tid":740285,"date":1501880922,"type":"sell","price":9523.00001,"amount":0.11077},{"tid":740286,"date":1501881069,"type":"sell","price":9523.02001,"amount":0.0577},{"tid":740287,"date":1501881069,"type":"sell","price":9523.02,"amount":0.00784},{"tid":740288,"date":1501881154,"type":"buy","price":9580,"amount":0.40895198},{"tid":740289,"date":1501881179,"type":"buy","price":9579.98,"amount":0.00499496},{"tid":740290,"date":1501881217,"type":"buy","price":9579.98,"amount":0.01189982},{"tid":740291,"date":1501881232,"type":"buy","price":9579.98,"amount":0.00146138},{"tid":740292,"date":1501881251,"type":"buy","price":9579.98,"amount":0.11321384},{"tid":740293,"date":1501881251,"type":"buy","price":9579.98,"amount":0.01414},{"tid":740294,"date":1501881251,"type":"buy","price":9580,"amount":0.12452534},{"tid":740295,"date":1501881253,"type":"buy","price":9580,"amount":0.01309164},{"tid":740296,"date":1501881366,"type":"buy","price":9580,"amount":0.02303104},{"tid":740297,"date":1501881366,"type":"buy","price":9581.9999,"amount":0.00828247},{"tid":740298,"date":1501881383,"type":"sell","price":9523.02,"amount":0.00153},{"tid":740299,"date":1501881563,"type":"buy","price":9581.9999,"amount":0.00555753},{"tid":740300,"date":1501881563,"type":"buy","price":9594.99998,"amount":0.02415297},{"tid":740301,"date":1501881607,"type":"sell","price":9524,"amount":0.02154},{"tid":740302,"date":1501881607,"type":"sell","price":9523.02,"amount":0.02047},{"tid":740303,"date":1501881607,"type":"sell","price":9523,"amount":0.01195},{"tid":740304,"date":1501881620,"type":"buy","price":9523.02,"amount":0.00975},{"tid":740305,"date":1501881744,"type":"sell","price":9523.03,"amount":0.0065},{"tid":740306,"date":1501881767,"type":"buy","price":9594.99782,"amount":0.00189474},{"tid":740307,"date":1501881771,"type":"buy","price":9594.99793,"amount":0.0124023},{"tid":740308,"date":1501881827,"type":"buy","price":9594.99793,"amount":0.01021261},{"tid":740309,"date":1501881933,"type":"buy","price":9593.8879,"amount":0.34},{"tid":740310,"date":1501881933,"type":"buy","price":9593.88899,"amount":0.06356285},{"tid":740311,"date":1501881933,"type":"buy","price":9593.89119,"amount":0.01493275},{"tid":740312,"date":1501882011,"type":"sell","price":9527.889,"amount":0.0011},{"tid":740313,"date":1501882020,"type":"buy","price":9594.99793,"amount":0.04330798},{"tid":740314,"date":1501882045,"type":"buy","price":9594.99793,"amount":0.10695781},{"tid":740315,"date":1501882064,"type":"sell","price":9527.889,"amount":0.0158},{"tid":740316,"date":1501882064,"type":"sell","price":9527.889,"amount":0.02382},{"tid":740317,"date":1501882103,"type":"buy","price":9589.99999,"amount":0.05393165},{"tid":740318,"date":1501882103,"type":"buy","price":9590,"amount":0.04796616},{"tid":740319,"date":1501882105,"type":"buy","price":9590,"amount":0.05628884},{"tid":740320,"date":1501882111,"type":"buy","price":9590,"amount":0.009825},{"tid":740321,"date":1501882111,"type":"buy","price":9594.99794,"amount":0.09712364},{"tid":740322,"date":1501882188,"type":"buy","price":9594.99794,"amount":0.01563419},{"tid":740323,"date":1501882264,"type":"buy","price":9594.99794,"amount":0.00885356},{"tid":740324,"date":1501882264,"type":"buy","price":9595,"amount":0.08071},{"tid":740325,"date":1501882264,"type":"buy","price":9596,"amount":0.00288275},{"tid":740326,"date":1501882264,"type":"buy","price":9599,"amount":0.00368662},{"tid":740327,"date":1501882281,"type":"sell","price":9527.88901,"amount":0.00155},{"tid":740328,"date":1501882306,"type":"sell","price":9527.88903,"amount":0.10406},{"tid":740329,"date":1501882312,"type":"buy","price":9599,"amount":0.00854563},{"tid":740330,"date":1501882319,"type":"buy","price":9600,"amount":0.02097188},{"tid":740331,"date":1501882326,"type":"buy","price":9600,"amount":0.00364583},{"tid":740332,"date":1501882339,"type":"sell","price":9599,"amount":0.01091},{"tid":740333,"date":1501882394,"type":"sell","price":9599,"amount":0.0587},{"tid":740334,"date":1501882416,"type":"sell","price":9599,"amount":0.02257084},{"tid":740335,"date":1501882418,"type":"buy","price":9600,"amount":0.10178248},{"tid":740336,"date":1501882421,"type":"buy","price":9600,"amount":0.6234255},{"tid":740337,"date":1501882421,"type":"buy","price":9600,"amount":0.00377},{"tid":740338,"date":1501882421,"type":"buy","price":9626,"amount":0.02},{"tid":740339,"date":1501882421,"type":"buy","price":9627,"amount":0.16812},{"tid":740340,"date":1501882421,"type":"buy","price":9649.9,"amount":0.33367309},{"tid":740341,"date":1501882508,"type":"sell","price":9600.01,"amount":0.03984163},{"tid":740342,"date":1501882508,"type":"sell","price":9599,"amount":0.05213353},{"tid":740343,"date":1501882508,"type":"sell","price":9595,"amount":0.01802484},{"tid":740344,"date":1501882561,"type":"sell","price":9599.01,"amount":0.00922},{"tid":740345,"date":1501882561,"type":"sell","price":9595,"amount":0.10426293},{"tid":740346,"date":1501882561,"type":"sell","price":9532.00008,"amount":0.01651707},{"tid":740347,"date":1501882604,"type":"buy","price":9648,"amount":0.00149668},{"tid":740348,"date":1501882628,"type":"sell","price":9532.06508,"amount":0.01925},{"tid":740349,"date":1501882631,"type":"buy","price":9647.99999,"amount":0.00518242},{"tid":740350,"date":1501882720,"type":"buy","price":9645.89,"amount":0.00984875},{"tid":740351,"date":1501882743,"type":"sell","price":9537.96099,"amount":0.00248},{"tid":740352,"date":1501882755,"type":"sell","price":9537.961,"amount":0.00106},{"tid":740353,"date":1501882758,"type":"sell","price":9537.961,"amount":0.00246},{"tid":740354,"date":1501882824,"type":"sell","price":9537.96105,"amount":0.0017},{"tid":740355,"date":1501882835,"type":"buy","price":9645.657,"amount":0.09537453},{"tid":740356,"date":1501882850,"type":"sell","price":9537.96101,"amount":0.36},{"tid":740357,"date":1501882862,"type":"sell","price":9537.96098,"amount":0.00108},{"tid":740358,"date":1501882869,"type":"sell","price":9537.96099,"amount":0.1794647},{"tid":740359,"date":1501882869,"type":"sell","price":9537.96097,"amount":0.17326},{"tid":740360,"date":1501882869,"type":"sell","price":9537.96096,"amount":0.11009},{"tid":740361,"date":1501882869,"type":"sell","price":9537.95996,"amount":0.02519},{"tid":740362,"date":1501882869,"type":"sell","price":9534,"amount":0.22595},{"tid":740363,"date":1501882869,"type":"sell","price":9530,"amount":0.00289423},{"tid":740364,"date":1501882869,"type":"sell","price":9527.01,"amount":0.02258211},{"tid":740365,"date":1501882869,"type":"sell","price":9527,"amount":0.01458},{"tid":740366,"date":1501882869,"type":"sell","price":9523.1,"amount":0.022},{"tid":740367,"date":1501882869,"type":"sell","price":9523,"amount":0.01942},{"tid":740368,"date":1501882869,"type":"sell","price":9520,"amount":0.0379},{"tid":740369,"date":1501882869,"type":"sell","price":9520,"amount":0.05},{"tid":740370,"date":1501882869,"type":"sell","price":9505.01003,"amount":0.15225},{"tid":740371,"date":1501882869,"type":"sell","price":9505.01,"amount":0.15703},{"tid":740372,"date":1501882869,"type":"sell","price":9503,"amount":0.01},{"tid":740373,"date":1501882869,"type":"sell","price":9502,"amount":0.71174},{"tid":740374,"date":1501882869,"type":"sell","price":9501,"amount":0.18564896},{"tid":740375,"date":1501882888,"type":"sell","price":9501.001,"amount":0.00691},{"tid":740376,"date":1501882888,"type":"sell","price":9501.001,"amount":0.00923},{"tid":740377,"date":1501882928,"type":"sell","price":9501.00103,"amount":0.12795},{"tid":740378,"date":1501882928,"type":"sell","price":9501.001,"amount":0.09437},{"tid":740379,"date":1501882928,"type":"sell","price":9501,"amount":0.00943},{"tid":740380,"date":1501883025,"type":"sell","price":9502.00203,"amount":0.1105},{"tid":740381,"date":1501883025,"type":"sell","price":9502.00103,"amount":0.0895},{"tid":740382,"date":1501883038,"type":"buy","price":9640.679,"amount":0.56463},{"tid":740383,"date":1501883038,"type":"buy","price":9640.691,"amount":0.0244979},{"tid":740384,"date":1501883038,"type":"buy","price":9640.73399,"amount":0.36046535},{"tid":740385,"date":1501883038,"type":"buy","price":9640.73399,"amount":0.0985654},{"tid":740386,"date":1501883038,"type":"buy","price":9640.73399,"amount":0.06268},{"tid":740387,"date":1501883038,"type":"buy","price":9640.74498,"amount":0.17998313},{"tid":740388,"date":1501883038,"type":"buy","price":9643,"amount":0.02512},{"tid":740389,"date":1501883038,"type":"buy","price":9644,"amount":0.20861972},{"tid":740390,"date":1501883043,"type":"sell","price":9502.01203,"amount":0.00913},{"tid":740391,"date":1501883053,"type":"buy","price":9640.68999,"amount":0.00195629},{"tid":740392,"date":1501883060,"type":"buy","price":9643.999,"amount":0.05051328},{"tid":740393,"date":1501883079,"type":"sell","price":9502.04603,"amount":0.00398},{"tid":740394,"date":1501883117,"type":"buy","price":9590,"amount":0.001},{"tid":740395,"date":1501883117,"type":"buy","price":9599.99899,"amount":0.00797396},{"tid":740396,"date":1501883128,"type":"sell","price":9503.021,"amount":0.00148},{"tid":740397,"date":1501883156,"type":"buy","price":9550,"amount":0.001},{"tid":740398,"date":1501883195,"type":"buy","price":9578,"amount":0.02016},{"tid":740399,"date":1501883227,"type":"sell","price":9550,"amount":0.00848},{"tid":740400,"date":1501883227,"type":"sell","price":9504.00002,"amount":0.0023681},{"tid":740401,"date":1501883237,"type":"sell","price":9504.00004,"amount":0.0053},{"tid":740402,"date":1501883246,"type":"sell","price":9504.00005,"amount":0.01455},{"tid":740403,"date":1501883298,"type":"sell","price":9504.00005,"amount":0.00273},{"tid":740404,"date":1501883298,"type":"sell","price":9504.00001,"amount":0.00554},{"tid":740405,"date":1501883320,"type":"buy","price":9577.99894,"amount":0.05220297},{"tid":740406,"date":1501883398,"type":"sell","price":9504.00063,"amount":0.27},{"tid":740407,"date":1501883425,"type":"sell","price":9504.00062,"amount":0.0067},{"tid":740408,"date":1501883439,"type":"buy","price":9577.99895,"amount":0.01450635},{"tid":740409,"date":1501883439,"type":"buy","price":9577.99898,"amount":0.13494594},{"tid":740410,"date":1501883439,"type":"buy","price":9577.99899,"amount":0.28356148},{"tid":740411,"date":1501883439,"type":"buy","price":9578,"amount":0.61109883},{"tid":740412,"date":1501883440,"type":"sell","price":9504.00062,"amount":0.04468},{"tid":740413,"date":1501883458,"type":"buy","price":9577.99999,"amount":0.04454596},{"tid":740414,"date":1501883458,"type":"buy","price":9578,"amount":0.13920848},{"tid":740415,"date":1501883500,"type":"buy","price":9578,"amount":0.09347194},{"tid":740416,"date":1501883500,"type":"buy","price":9579.2,"amount":0.00288555},{"tid":740417,"date":1501883500,"type":"buy","price":9580,"amount":0.001},{"tid":740418,"date":1501883500,"type":"buy","price":9580,"amount":0.007},{"tid":740419,"date":1501883500,"type":"buy","price":9599.99999,"amount":0.271551},{"tid":740420,"date":1501883500,"type":"buy","price":9600,"amount":0.001},{"tid":740421,"date":1501883500,"type":"buy","price":9600,"amount":0.03956},{"tid":740422,"date":1501883500,"type":"buy","price":9604,"amount":0.00223},{"tid":740423,"date":1501883500,"type":"buy","price":9605,"amount":0.001},{"tid":740424,"date":1501883501,"type":"buy","price":9606,"amount":0.001},{"tid":740425,"date":1501883501,"type":"buy","price":9610,"amount":0.001},{"tid":740426,"date":1501883501,"type":"buy","price":9639.98,"amount":0.15655891},{"tid":740427,"date":1501883501,"type":"buy","price":9639.99,"amount":0.12926175},{"tid":740428,"date":1501883501,"type":"buy","price":9639.99,"amount":0.31086487},{"tid":740429,"date":1501883527,"type":"buy","price":9639.97999,"amount":0.07199},{"tid":740430,"date":1501883527,"type":"buy","price":9639.99,"amount":0.07909513},{"tid":740431,"date":1501883527,"type":"buy","price":9640,"amount":0.0925873},{"tid":740432,"date":1501883698,"type":"sell","price":9508.02101,"amount":0.00581},{"tid":740433,"date":1501883720,"type":"buy","price":9639.98,"amount":0.00927492},{"tid":740434,"date":1501883742,"type":"sell","price":9510.03301,"amount":0.046},{"tid":740435,"date":1501883746,"type":"sell","price":9515,"amount":0.09},{"tid":740436,"date":1501883801,"type":"sell","price":9518.012,"amount":0.03955},{"tid":740437,"date":1501883885,"type":"buy","price":9639.97795,"amount":0.02104733},{"tid":740438,"date":1501883927,"type":"buy","price":9639.9779,"amount":0.01068467},{"tid":740439,"date":1501883941,"type":"buy","price":9639.97796,"amount":0.0316204},{"tid":740440,"date":1501883957,"type":"buy","price":9639.97795,"amount":0.01970959},{"tid":740441,"date":1501883977,"type":"buy","price":9639.97794,"amount":0.02003324},{"tid":740442,"date":1501883981,"type":"buy","price":9639.97794,"amount":0.00996676},{"tid":740443,"date":1501883981,"type":"buy","price":9639.97797,"amount":0.00985901},{"tid":740444,"date":1501884054,"type":"buy","price":9639.97797,"amount":0.00382573},{"tid":740445,"date":1501884118,"type":"buy","price":9639.97797,"amount":0.00103735},{"tid":740446,"date":1501884157,"type":"buy","price":9639.97797,"amount":0.00100705},{"tid":740447,"date":1501884177,"type":"buy","price":9639.97797,"amount":0.02173},{"tid":740448,"date":1501884198,"type":"buy","price":9635,"amount":0.60825},{"tid":740449,"date":1501884198,"type":"buy","price":9639.97797,"amount":0.04783421},{"tid":740450,"date":1501884198,"type":"buy","price":9639.98,"amount":0.01713508},{"tid":740451,"date":1501884198,"type":"buy","price":9642,"amount":0.22527},{"tid":740452,"date":1501884198,"type":"buy","price":9647,"amount":0.00997},{"tid":740453,"date":1501884198,"type":"buy","price":9648,"amount":0.04850332},{"tid":740454,"date":1501884198,"type":"buy","price":9650,"amount":0.05008674},{"tid":740455,"date":1501884204,"type":"buy","price":9650,"amount":0.14990326},{"tid":740456,"date":1501884204,"type":"buy","price":9650,"amount":0.00035581},{"tid":740457,"date":1501884214,"type":"sell","price":9635,"amount":0.08447},{"tid":740458,"date":1501884220,"type":"sell","price":9635,"amount":0.11872},{"tid":740459,"date":1501884220,"type":"sell","price":9523.02201,"amount":0.06122},{"tid":740460,"date":1501884236,"type":"buy","price":9650,"amount":0.00100705},{"tid":740461,"date":1501884244,"type":"buy","price":9650,"amount":0.00477927},{"tid":740462,"date":1501884257,"type":"buy","price":9650,"amount":0.0107772},{"tid":740463,"date":1501884298,"type":"buy","price":9650,"amount":0.00248705},{"tid":740464,"date":1501884330,"type":"sell","price":9527.03401,"amount":0.005},{"tid":740465,"date":1501884333,"type":"buy","price":9650,"amount":0.00100705},{"tid":740466,"date":1501884360,"type":"buy","price":9650,"amount":0.08784657},{"tid":740467,"date":1501884360,"type":"buy","price":9650,"amount":0.11174},{"tid":740468,"date":1501884360,"type":"buy","price":9650,"amount":0.00235},{"tid":740469,"date":1501884360,"type":"buy","price":9660,"amount":0.01454},{"tid":740470,"date":1501884360,"type":"buy","price":9664,"amount":0.09787414},{"tid":740471,"date":1501884411,"type":"buy","price":9650,"amount":0.01306114},{"tid":740472,"date":1501884495,"type":"buy","price":9650,"amount":0.09927886},{"tid":740473,"date":1501884495,"type":"buy","price":9664,"amount":0.31052586},{"tid":740474,"date":1501884495,"type":"buy","price":9669.99999,"amount":0.03},{"tid":740475,"date":1501884495,"type":"buy","price":9670,"amount":0.03629132},{"tid":740476,"date":1501884519,"type":"buy","price":9669.99999,"amount":0.03724},{"tid":740477,"date":1501884519,"type":"buy","price":9670,"amount":0.01312194},{"tid":740478,"date":1501884540,"type":"sell","price":9561.03301,"amount":0.01115},{"tid":740479,"date":1501884579,"type":"buy","price":9669.99898,"amount":0.00517373},{"tid":740480,"date":1501884629,"type":"sell","price":9565.022,"amount":0.01453},{"tid":740481,"date":1501884645,"type":"buy","price":9669.999,"amount":0.01186304},{"tid":740482,"date":1501884649,"type":"buy","price":9669.999,"amount":0.01872492},{"tid":740483,"date":1501884649,"type":"buy","price":9670,"amount":0.00124613},{"tid":740484,"date":1501884652,"type":"sell","price":9565.043,"amount":0.0059},{"tid":740485,"date":1501884768,"type":"sell","price":9570.00102,"amount":0.00585},{"tid":740486,"date":1501884775,"type":"buy","price":9669.99,"amount":0.02225304},{"tid":740487,"date":1501884776,"type":"buy","price":9670,"amount":0.18457222},{"tid":740488,"date":1501884834,"type":"sell","price":9570.05603,"amount":0.00323},{"tid":740489,"date":1501884840,"type":"buy","price":9669.99999,"amount":0.01135583},{"tid":740490,"date":1501884840,"type":"buy","price":9670,"amount":0.00862659},{"tid":740491,"date":1501884918,"type":"buy","price":9670,"amount":0.00983557},{"tid":740492,"date":1501884936,"type":"sell","price":9570.243,"amount":0.004},{"tid":740493,"date":1501885046,"type":"buy","price":9669.99999,"amount":0.0042069},{"tid":740494,"date":1501885069,"type":"sell","price":9669.99999,"amount":0.0005631},{"tid":740495,"date":1501885069,"type":"sell","price":9575,"amount":0.0004369},{"tid":740496,"date":1501885148,"type":"buy","price":9670,"amount":0.00889659},{"tid":740497,"date":1501885199,"type":"buy","price":9670,"amount":0.00574871},{"tid":740498,"date":1501885206,"type":"buy","price":9670,"amount":0.02517623},{"tid":740499,"date":1501885217,"type":"sell","price":9575.23004,"amount":0.00187},{"tid":740500,"date":1501885246,"type":"buy","price":9670,"amount":0.0055847},{"tid":740501,"date":1501885246,"type":"buy","price":9670,"amount":0.09782792},{"tid":740502,"date":1501885321,"type":"sell","price":9580.033,"amount":0.1096},{"tid":740503,"date":1501885322,"type":"sell","price":9580.032,"amount":0.04886},{"tid":740504,"date":1501885387,"type":"sell","price":9590,"amount":0.03676},{"tid":740505,"date":1501885418,"type":"buy","price":9666.979,"amount":0.01592224},{"tid":740506,"date":1501885602,"type":"sell","price":9600.00001,"amount":0.00201},{"tid":740507,"date":1501885684,"type":"buy","price":9665,"amount":0.10098293},{"tid":740508,"date":1501885713,"type":"buy","price":9664.96997,"amount":0.03864357},{"tid":740509,"date":1501885714,"type":"buy","price":9664.97997,"amount":0.00200397},{"tid":740510,"date":1501885714,"type":"buy","price":9665,"amount":0.11116324},{"tid":740511,"date":1501885721,"type":"buy","price":9665,"amount":0.003},{"tid":740512,"date":1501885786,"type":"buy","price":9665,"amount":0.2221852},{"tid":740513,"date":1501885788,"type":"sell","price":9605.00001,"amount":0.00298},{"tid":740514,"date":1501885870,"type":"sell","price":9610,"amount":0.09906},{"tid":740515,"date":1501885870,"type":"sell","price":9605.00001,"amount":0.30062},{"tid":740516,"date":1501885870,"type":"sell","price":9600.1,"amount":0.00287113},{"tid":740517,"date":1501885870,"type":"sell","price":9590,"amount":0.1212},{"tid":740518,"date":1501885870,"type":"sell","price":9577.00001,"amount":0.21276887},{"tid":740519,"date":1501885882,"type":"buy","price":9659.99899,"amount":0.003},{"tid":740520,"date":1501885886,"type":"sell","price":9612,"amount":0.09956},{"tid":740521,"date":1501885980,"type":"sell","price":9577,"amount":0.0013},{"tid":740522,"date":1501885980,"type":"sell","price":9576,"amount":0.00005},{"tid":740523,"date":1501886076,"type":"sell","price":9576,"amount":0.00135},{"tid":740524,"date":1501886076,"type":"sell","price":9566,"amount":0.03263},{"tid":740525,"date":1501886076,"type":"sell","price":9565.04,"amount":0.00478},{"tid":740526,"date":1501886076,"type":"sell","price":9561,"amount":0.00151},{"tid":740527,"date":1501886095,"type":"buy","price":9605.00001,"amount":0.05070276},{"tid":740528,"date":1501886125,"type":"sell","price":9561,"amount":0.00298},{"tid":740529,"date":1501886150,"type":"buy","price":9605.00001,"amount":0.003},{"tid":740530,"date":1501886177,"type":"sell","price":9570.01,"amount":0.03365},{"tid":740531,"date":1501886187,"type":"sell","price":9570.00101,"amount":0.00298},{"tid":740532,"date":1501886217,"type":"buy","price":9656.96896,"amount":0.003},{"tid":740533,"date":1501886285,"type":"sell","price":9577.00001,"amount":0.05972},{"tid":740534,"date":1501886317,"type":"sell","price":9580,"amount":0.09},{"tid":740535,"date":1501886323,"type":"buy","price":9580,"amount":0.11729},{"tid":740536,"date":1501886327,"type":"sell","price":9577,"amount":0.00298},{"tid":740537,"date":1501886340,"type":"sell","price":9577,"amount":0.0067},{"tid":740538,"date":1501886389,"type":"buy","price":9580,"amount":0.01834864},{"tid":740539,"date":1501886401,"type":"buy","price":9580,"amount":0.29975136},{"tid":740540,"date":1501886401,"type":"buy","price":9649.99895,"amount":0.21213056},{"tid":740541,"date":1501886401,"type":"buy","price":9649.99896,"amount":0.32679345},{"tid":740542,"date":1501886401,"type":"buy","price":9650,"amount":0.25159335},{"tid":740543,"date":1501886438,"type":"buy","price":9649.97999,"amount":0.003},{"tid":740544,"date":1501886466,"type":"sell","price":9580,"amount":0.00993},{"tid":740545,"date":1501886503,"type":"sell","price":9580,"amount":0.00298},{"tid":740546,"date":1501886528,"type":"buy","price":9649.96898,"amount":0.0200125},{"tid":740547,"date":1501886530,"type":"buy","price":9649.97898,"amount":0.003},{"tid":740548,"date":1501886770,"type":"buy","price":9648.99999,"amount":0.12785498},{"tid":740549,"date":1501886854,"type":"buy","price":9648.99899,"amount":0.10949151},{"tid":740550,"date":1501886854,"type":"buy","price":9649,"amount":0.01287},{"tid":740551,"date":1501886854,"type":"buy","price":9657,"amount":0.09053887},{"tid":740552,"date":1501886884,"type":"buy","price":9657,"amount":0.10626592},{"tid":740553,"date":1501886904,"type":"buy","price":9656.99999,"amount":0.00528114},{"tid":740554,"date":1501886942,"type":"buy","price":9652,"amount":0.504},{"tid":740555,"date":1501886942,"type":"buy","price":9657,"amount":0.53629719},{"tid":740556,"date":1501887118,"type":"sell","price":9580.00001,"amount":0.00414},{"tid":740557,"date":1501887139,"type":"sell","price":9580.00001,"amount":0.05},{"tid":740558,"date":1501887221,"type":"buy","price":9649.99999,"amount":0.01917098},{"tid":740559,"date":1501887230,"type":"buy","price":9649.99999,"amount":0.02367377},{"tid":740560,"date":1501887230,"type":"buy","price":9649.99999,"amount":0.00109307},{"tid":740561,"date":1501887361,"type":"sell","price":9600,"amount":0.112},{"tid":740562,"date":1501887361,"type":"sell","price":9580,"amount":0.04835},{"tid":740563,"date":1501887400,"type":"sell","price":9590,"amount":0.02605},{"tid":740564,"date":1501887426,"type":"buy","price":9646.99999,"amount":0.0182606},{"tid":740565,"date":1501887488,"type":"buy","price":9646.99999,"amount":0.01109},{"tid":740566,"date":1501887496,"type":"buy","price":9646.99999,"amount":0.01046439},{"tid":740567,"date":1501887510,"type":"sell","price":9590,"amount":0.02224},{"tid":740568,"date":1501887511,"type":"sell","price":9590,"amount":0.00296},{"tid":740569,"date":1501887527,"type":"sell","price":9590,"amount":0.0051},{"tid":740570,"date":1501887595,"type":"buy","price":9646.99999,"amount":0.00503369},{"tid":740571,"date":1501887651,"type":"buy","price":9646.99999,"amount":0.36330192},{"tid":740572,"date":1501887651,"type":"buy","price":9647,"amount":0.4669},{"tid":740573,"date":1501887651,"type":"buy","price":9650,"amount":0.0760377},{"tid":740574,"date":1501887651,"type":"buy","price":9655,"amount":0.4138455},{"tid":740575,"date":1501887753,"type":"buy","price":9654.99999,"amount":0.00985},{"tid":740576,"date":1501887756,"type":"buy","price":9654.99999,"amount":0.02477391},{"tid":740577,"date":1501887756,"type":"buy","price":9655,"amount":0.2591598},{"tid":740578,"date":1501887760,"type":"sell","price":9650.99999,"amount":0.0052},{"tid":740579,"date":1501887839,"type":"buy","price":9655,"amount":0.01949974},{"tid":740580,"date":1501887864,"type":"sell","price":9650.99999,"amount":0.16263},{"tid":740581,"date":1501887864,"type":"sell","price":9592.1,"amount":0.00737},{"tid":740582,"date":1501887893,"type":"sell","price":9592.10001,"amount":0.14736},{"tid":740583,"date":1501887904,"type":"sell","price":9592.10001,"amount":0.00912},{"tid":740584,"date":1501887932,"type":"sell","price":9592.10001,"amount":0.01806},{"tid":740585,"date":1501887994,"type":"buy","price":9654.99999,"amount":0.013695},{"tid":740586,"date":1501888025,"type":"sell","price":9593.00002,"amount":0.01879},{"tid":740587,"date":1501888025,"type":"sell","price":9593.00001,"amount":0.11319},{"tid":740588,"date":1501888047,"type":"buy","price":9654.99999,"amount":0.13322292},{"tid":740589,"date":1501888047,"type":"buy","price":9654.99999,"amount":0.00909264},{"tid":740590,"date":1501888047,"type":"buy","price":9654.99999,"amount":0.01800582},{"tid":740591,"date":1501888048,"type":"buy","price":9654.99999,"amount":0.01873363},{"tid":740592,"date":1501888048,"type":"buy","price":9655,"amount":0.30749496},{"tid":740593,"date":1501888048,"type":"buy","price":9657,"amount":0.82801388},{"tid":740594,"date":1501888070,"type":"sell","price":9594.00001,"amount":0.1202},{"tid":740595,"date":1501888181,"type":"sell","price":9594.00002,"amount":0.05946},{"tid":740596,"date":1501888181,"type":"sell","price":9594.00001,"amount":0.10787},{"tid":740597,"date":1501888292,"type":"sell","price":9595.00001,"amount":0.0075},{"tid":740598,"date":1501888307,"type":"buy","price":9655.99999,"amount":0.01035626},{"tid":740599,"date":1501888365,"type":"buy","price":9655,"amount":0.00569653},{"tid":740600,"date":1501888412,"type":"sell","price":9600.00001,"amount":0.07987},{"tid":740601,"date":1501888453,"type":"sell","price":9601,"amount":0.00891},{"tid":740602,"date":1501888484,"type":"buy","price":9653.99999,"amount":0.01046198},{"tid":740603,"date":1501888501,"type":"sell","price":9601,"amount":0.00657},{"tid":740604,"date":1501888505,"type":"buy","price":9653.99999,"amount":0.08091775},{"tid":740605,"date":1501888526,"type":"sell","price":9601.00001,"amount":0.01072},{"tid":740606,"date":1501888577,"type":"buy","price":9653.99999,"amount":0.48253027},{"tid":740607,"date":1501888577,"type":"buy","price":9654,"amount":0.27454},{"tid":740608,"date":1501888577,"type":"buy","price":9655,"amount":0.02251436},{"tid":740609,"date":1501888577,"type":"buy","price":9656,"amount":0.15042},{"tid":740610,"date":1501888577,"type":"buy","price":9656,"amount":0.16949},{"tid":740611,"date":1501888606,"type":"sell","price":9656,"amount":0.01432},{"tid":740612,"date":1501888628,"type":"buy","price":9657,"amount":0.00477374},{"tid":740613,"date":1501888662,"type":"sell","price":9656,"amount":0.12255823},{"tid":740614,"date":1501888685,"type":"buy","price":9657,"amount":0.0142187},{"tid":740615,"date":1501888712,"type":"buy","price":9657,"amount":0.02071037},{"tid":740616,"date":1501888760,"type":"sell","price":9656,"amount":0.01068},{"tid":740617,"date":1501888789,"type":"buy","price":9657,"amount":0.0199855},{"tid":740618,"date":1501888801,"type":"buy","price":9657,"amount":0.01007049},{"tid":740619,"date":1501888958,"type":"buy","price":9656.5,"amount":0.4438793},{"tid":740620,"date":1501888958,"type":"buy","price":9656.9,"amount":2.57435},{"tid":740621,"date":1501888958,"type":"buy","price":9657,"amount":0.91823952},{"tid":740622,"date":1501888960,"type":"buy","price":9657,"amount":0.00477477},{"tid":740623,"date":1501889033,"type":"buy","price":9657,"amount":0.06397},{"tid":740624,"date":1501889043,"type":"buy","price":9657,"amount":3.99571885},{"tid":740625,"date":1501889076,"type":"buy","price":9657,"amount":0.00879569},{"tid":740626,"date":1501889094,"type":"buy","price":9657,"amount":0.00103552},{"tid":740627,"date":1501889177,"type":"sell","price":9656,"amount":0.00737714},{"tid":740628,"date":1501889180,"type":"buy","price":9656,"amount":1.54929286},{"tid":740629,"date":1501889376,"type":"buy","price":9657,"amount":0.0423},{"tid":740630,"date":1501889386,"type":"sell","price":9656.99999,"amount":0.03070714},{"tid":740631,"date":1501889386,"type":"sell","price":9630,"amount":0.02129286},{"tid":740632,"date":1501889395,"type":"sell","price":9630,"amount":0.01302},{"tid":740633,"date":1501889472,"type":"buy","price":9633.00001,"amount":0.00934288},{"tid":740634,"date":1501889545,"type":"buy","price":9633.00001,"amount":0.02512198},{"tid":740635,"date":1501889553,"type":"sell","price":9630,"amount":0.0017},{"tid":740636,"date":1501889553,"type":"buy","price":9633.00001,"amount":0.00722309},{"tid":740637,"date":1501889576,"type":"buy","price":9633.00001,"amount":0.03103914},{"tid":740638,"date":1501889716,"type":"buy","price":9633.00001,"amount":0.10229524},{"tid":740639,"date":1501889798,"type":"sell","price":9630,"amount":0.01398714},{"tid":740640,"date":1501889798,"type":"sell","price":9630,"amount":0.00703286},{"tid":740641,"date":1501889813,"type":"buy","price":9633.00001,"amount":0.01531767},{"tid":740642,"date":1501889813,"type":"buy","price":9655,"amount":0.00543189},{"tid":740643,"date":1501889833,"type":"buy","price":9655,"amount":0.01197381},{"tid":740644,"date":1501889833,"type":"buy","price":9656.9998,"amount":0.08921952},{"tid":740645,"date":1501889971,"type":"buy","price":9656.9998,"amount":0.02608885},{"tid":740646,"date":1501889973,"type":"sell","price":9630,"amount":0.002},{"tid":740647,"date":1501889997,"type":"sell","price":9630,"amount":0.01698594},{"tid":740648,"date":1501889997,"type":"sell","price":9603.00001,"amount":0.29125},{"tid":740649,"date":1501889997,"type":"sell","price":9600.99999,"amount":0.0661},{"tid":740650,"date":1501889997,"type":"sell","price":9600.1,"amount":0.022},{"tid":740651,"date":1501889997,"type":"sell","price":9600,"amount":0.15263539},{"tid":740652,"date":1501889997,"type":"sell","price":9600,"amount":0.02320225},{"tid":740653,"date":1501889997,"type":"sell","price":9595,"amount":1.76755642},{"tid":740654,"date":1501890032,"type":"buy","price":9656.99979,"amount":0.00580926},{"tid":740655,"date":1501890035,"type":"sell","price":9595.00001,"amount":0.01039},{"tid":740656,"date":1501890035,"type":"sell","price":9595,"amount":0.00339},{"tid":740657,"date":1501890132,"type":"sell","price":9595.00001,"amount":0.00583},{"tid":740658,"date":1501890132,"type":"sell","price":9595,"amount":0.0391},{"tid":740659,"date":1501890186,"type":"sell","price":9595,"amount":0.95651},{"tid":740660,"date":1501890306,"type":"sell","price":9600,"amount":0.02048},{"tid":740661,"date":1501890337,"type":"buy","price":9656.99978,"amount":0.00414207},{"tid":740662,"date":1501890358,"type":"buy","price":9656.99978,"amount":0.01017811},{"tid":740663,"date":1501890443,"type":"buy","price":9656.99978,"amount":0.03627},{"tid":740664,"date":1501890455,"type":"sell","price":9600.00005,"amount":0.00144703},{"tid":740665,"date":1501890455,"type":"sell","price":9600,"amount":0.01876297},{"tid":740666,"date":1501890472,"type":"sell","price":9600,"amount":0.0182},{"tid":740667,"date":1501890498,"type":"buy","price":9656.99,"amount":0.05350736},{"tid":740668,"date":1501890636,"type":"sell","price":9600,"amount":0.0072},{"tid":740669,"date":1501890646,"type":"sell","price":9600,"amount":0.11087},{"tid":740670,"date":1501890735,"type":"sell","price":9600,"amount":0.00549},{"tid":740671,"date":1501890744,"type":"sell","price":9600,"amount":0.01606},{"tid":740672,"date":1501890796,"type":"buy","price":9655.99,"amount":0.00517813},{"tid":740673,"date":1501890807,"type":"buy","price":9655.99,"amount":0.00542047},{"tid":740674,"date":1501890836,"type":"buy","price":9655.99,"amount":0.00476388},{"tid":740675,"date":1501890863,"type":"buy","price":9655.99,"amount":0.00256214},{"tid":740676,"date":1501890907,"type":"buy","price":9655.99,"amount":0.00103563},{"tid":740677,"date":1501890962,"type":"buy","price":9655.99,"amount":0.01470292},{"tid":740678,"date":1501890971,"type":"sell","price":9600,"amount":0.16809},{"tid":740679,"date":1501891048,"type":"sell","price":9600,"amount":0.01534},{"tid":740680,"date":1501891050,"type":"sell","price":9600,"amount":0.02524},{"tid":740681,"date":1501891050,"type":"buy","price":9655.99,"amount":0.00915494},{"tid":740682,"date":1501891149,"type":"buy","price":9655.98,"amount":0.01988405},{"tid":740683,"date":1501891188,"type":"sell","price":9601,"amount":0.02298}]